@book{walstra2006,
  author    = {P. Walstra and J. T. M. Wouters and T. J. Geurts},
  title     = {Dairy Science and Technology},
  edition   = {2},
  year      = {2006},
  publisher = {CRC Press},
}

@misc{tetrapak2025,
  author       = {{Tetra Pak}},
  title        = {Dairy Processing Handbook},
  year         = {2025},
  howpublished = {\url{https://dairyprocessinghandbook.tetrapak.com/}},
  note         = {Consultado en 2025}
}

@misc{nfpa58_2024,
  author       = {{NFPA}},
  title        = {NFPA 58: Liquefied Petroleum Gas Code},
  year         = {2024},
  publisher    = {National Fire Protection Association}
}

@standard{iec60079,
  title        = {IEC 60079: Explosive Atmospheres},
  organization = {International Electrotechnical Commission},
  year         = {2023},
  note         = {Partes 0, 10, etc.}
}

@book{jackson2014,
  author    = {R. S. Jackson},
  title     = {Wine Science: Principles and Applications},
  edition   = {4},
  year      = {2014},
  publisher = {Academic Press}
}

@misc{oiv2022,
  author       = {{OIV}},
  title        = {International Code of Oenological Practices},
  year         = {2022},
  organization = {Organisation Internationale de la Vigne et du Vin}
}

@book{wills2015,
  author    = {B. A. Wills and T. Napier-Munn},
  title     = {Wills' Mineral Processing Technology},
  edition   = {8},
  year      = {2015},
  publisher = {Elsevier}
}

@book{alsop2019,
  author    = {P. A. Alsop},
  title     = {The Cement Plant Operations Handbook},
  edition   = {7},
  year      = {2019},
  publisher = {Tradeship Publications}
}

@misc{niosh2019,
  author       = {A. B. Cecala and others},
  title        = {Dust Control Handbook for Industrial Minerals Mining and Processing},
  edition      = {2},
  year         = {2019},
  publisher    = {NIOSH, Department of Health and Human Services}
}
